@article{pss,
 author = {Jelasity, M\'{a}rk and Voulgaris, Spyros and Guerraoui, Rachid and Kermarrec, Anne-Marie and van Steen, Maarten},
 title = {Gossip-based peer sampling},
 journal = {ACM Trans. Comput. Syst.},
 volume = {25},
 number = {3},
 year = {2007},
 issn = {0734-2071},
 pages = {8},
 doi = {http://doi.acm.org/10.1145/1275517.1275520},
 publisher = {ACM},
 address = {New York, NY, USA},
 }

@article{formal_analysis,
 author = {Bakhshi, Rena and Bonnet, Francois and Fokkink, Wan and Haverkort, Boudewijn},
 title = {Formal analysis techniques for gossiping protocols},
 journal = {SIGOPS Oper. Syst. Rev.},
 volume = {41},
 number = {5},
 year = {2007},
 issn = {0163-5980},
 pages = {28--36},
 doi = {http://doi.acm.org/10.1145/1317379.1317385},
 publisher = {ACM},
 address = {New York, NY, USA},
 }

@inproceedings{poison,
 author = {Sun, Xin and Torres, Ruben and Rao, Sanjay},
 title = {DDoS Attacks by Subverting Membership Management in P2P Systems},
 booktitle = {NPSEC '07: Proceedings of the 2007 3rd IEEE Workshop on Secure Network Protocols},
 year = {2007},
 isbn = {978-1-4244-1602-8},
 pages = {1--6},
 doi = {http://dx.doi.org/10.1109/NPSEC.2007.4371618},
 publisher = {IEEE Computer Society},
 address = {Washington, DC, USA},
 }

@inproceedings{poison_buddycast,
 author = {Jesi, Gian Paolo and Hales, David and van Steen, Maarten},
 title = {Identifying Malicious Peers Before It's Too Late: A Decentralized Secure Peer Sampling Service},
 booktitle = {SASO '07: Proceedings of the First International Conference on Self-Adaptive and Self-Organizing Systems},
 year = {2007},
 isbn = {0-7695-2906-2},
 pages = {237--246},
 doi = {http://dx.doi.org/10.1109/SASO.2007.32},
 publisher = {IEEE Computer Society},
 address = {Washington, DC, USA},
 }

@MISC{poison_buddycast2,
    author = {Gian Paolo Jesi and David Hales},
    title = {Identifying Malicious Peers Before Itâ€™s Too Late: A Decentralized Secure Peer Sampling Service},
    year = {}
}

@inproceedings{poison_mosquito,
	Address = {Groningen, The Netherlands},
	Author = {Gian~Paolo Jesi and Alberto Montresor},
	Booktitle = {Proceedings of the 5th WETICE Workshop on Collaborative Peer-to-Peer Systems (COPS'09)},
	Month = jul,
	Pdfurl = {http://dit.unitn.it/~montreso/pubs/papers/cops09.pdf},
	Title = {Secure Peer Sampling Service: the Mosquito Attack},
	Type = {CONFERENCE},
	Year = 2009
}

@article{poison_antimosquito,
  author = {Gian Paolo Jesi and Alberto Montresor and Maarten van~Steen},
  title = {Secure Peer Sampling},
  journal = {Computer Networks},
  publisher = {Elsevier},
  note = "To appear.",
  year = 2010,
  pdfurl = {http://dit.unitn.it/~montreso/pubs/papers/comnet10.pdf},
  Type = {JOURNAL},

}

@article {cyclon,
   author = {Voulgaris, Spyros and Gavidia, Daniela and van Steen, Maarten},
   affiliation = {Computer Science Department Vrije Universiteit Amsterdam De Boelelaan 1081a 1081HV Amsterdam The Netherlands},
   title = {CYCLON: Inexpensive Membership Management for Unstructured P2P Overlays},
   journal = {Journal of Network and Systems Management},
   publisher = {Springer New York},
   issn = {1064-7570},
   keyword = {Computer Science},
   pages = {197-217},
   volume = {13},
   issue = {2},
   url = {http://dx.doi.org/10.1007/s10922-005-4441-x},
   note = {10.1007/s10922-005-4441-x},
   year = {2005}
}

@inproceedings{arrg,
 author = {Drost, Niels and Ogston, Elth and van Nieuwpoort, Rob V. and Bal, Henri E.},
 title = {ARRG: real-world gossiping},
 booktitle = {HPDC '07: Proceedings of the 16th international symposium on High performance distributed computing},
 year = {2007},
 isbn = {978-1-59593-673-8},
 pages = {147--158},
 location = {Monterey, California, USA},
 doi = {http://doi.acm.org/10.1145/1272366.1272386},
 publisher = {ACM},
 address = {New York, NY, USA},
 }

@inproceedings{correctness,
 author = {Allavena, Andr\'{e} and Demers, Alan and Hopcroft, John E.},
 title = {Correctness of a gossip based membership protocol},
 booktitle = {PODC '05: Proceedings of the twenty-fourth annual ACM symposium on Principles of distributed computing},
 year = {2005},
 isbn = {1-59593-994-2},
 pages = {292--301},
 location = {Las Vegas, NV, USA},
 doi = {http://doi.acm.org/10.1145/1073814.1073871},
 publisher = {ACM},
 address = {New York, NY, USA},
 }

